<record><leader>00000cas a22000007a 4500</leader><controlfield tag="001">12228195</controlfield><controlfield tag="008">850703d18961910iauwr ne      0    0eng d</controlfield><datafield ind1=" " ind2=" " tag="010"><subfield code="a">sn 85049659 </subfield></datafield><datafield ind1=" " ind2=" " tag="040"><subfield code="a">INP</subfield><subfield code="b">eng</subfield><subfield code="c">INP</subfield><subfield code="d">OCLCQ</subfield></datafield><datafield ind1=" " ind2=" " tag="042"><subfield code="a">msc</subfield></datafield><datafield ind1="0" ind2=" " tag="130"><subfield code="a">Economy (Solon, Iowa)</subfield></datafield><datafield ind1="1" ind2="0" tag="245"><subfield code="a">Economy.</subfield></datafield><datafield ind1=" " ind2=" " tag="260"><subfield code="a">Solon, Iowa :</subfield><subfield code="b">Economy Pub. Co.,</subfield><subfield code="c">-1910.</subfield></datafield><datafield ind1=" " ind2=" " tag="300"><subfield code="a">v. :</subfield><subfield code="b">ill.</subfield></datafield><datafield ind1=" " ind2=" " tag="310"><subfield code="a">Weekly</subfield></datafield><datafield ind1="0" ind2=" " tag="362"><subfield code="a">-v. 15, no. 49 (Dec. 8, 1910).</subfield></datafield><datafield ind1="1" ind2=" " tag="362"><subfield code="a">Began Mar. 26, 1896.</subfield><subfield code="z">Cf. Bibl. of Iowa newspapers.</subfield></datafield><datafield ind1=" " ind2=" " tag="500"><subfield code="a">Editors: W.M. Martin, Apr. 22, 1897-&lt;Dec. 23, 1909&gt;; Leona Reidel, &lt;Dec. 30, 1909&gt;-Dec. 8, 1910.</subfield></datafield><datafield ind1=" " ind2=" " tag="588"><subfield code="a">Description based on: Vol. 2, no. 4 (Apr. 22, 1897).</subfield></datafield><datafield ind1=" " ind2=" " tag="752"><subfield code="a">United States</subfield><subfield code="b">Iowa</subfield><subfield code="c">Johnson</subfield><subfield code="d">Solon.</subfield></datafield><datafield ind1="0" ind2="0" tag="785"><subfield code="t">Solon economy (Solon, Iowa : 1910)</subfield><subfield code="w">(DLC)sn 85049660</subfield></datafield></record>